@article{parks1993study,
  title={A study of spatial features of clones in a population of bracken fern, Pteridium aquilinum (Dennstaedtiaceae)},
  author={Parks, James C and Werth, Charles R},
  journal={American Journal of Botany},
  pages={537--544},
  year={1993},
  publisher={JSTOR}
}

@article{arnaud2007standardizing,
  title={Standardizing methods to address clonality in population studies},
  author={Arnaud-Haond, Sophie and Duarte, Carlos M and Alberto, Filipe and Serr{\~a}o, Ester A},
  journal={Molecular Ecology},
  volume={16},
  number={24},
  pages={5115--5139},
  year={2007},
  doi={10.1111/j.1365-294X.2007.03535.x},
  publisher={Wiley Online Library}
}

@Article{kamvar2014poppr,
  title = {\textit{Poppr}: an {R} package for genetic analysis of populations with clonal, partially clonal, and/or sexual reproduction.},
  author = {Zhian N. Kamvar and Javier F. Tabima and Niklaus J. Grünwald},
  year = {2014},
  month = {3},
  volume = {2},
  pages = {e281},
  keywords = {population genetics, clonality, genotypic diversity, index of association, Bruvo's distance, clone correction, minimum spanning networks, hierarchy, bootstrap, permutation},
  issn = {2167-8359},
  url = {http://dx.doi.org/10.7717/peerj.281},
  doi = {10.7717/peerj.281},
  journal = {PeerJ},
}

@article{goss2009population,
  title={Population genetic analysis infers migration pathways of Phytophthora ramorum in US nurseries},
  author={Goss, Erica M and Larsen, Meg and Chastagner, Gary A and Givens, Donald R and Gr{\"u}nwald, Niklaus J},
  journal={PLoS Pathog},
  volume={5},
  number={9},
  pages={e1000583},
  year={2009}
}

@article{peng2008forward,
  title={Forward-time simulations of non-random mating populations using simuPOP},
  author={Peng, Bo and Amos, Christopher I},
  journal={Bioinformatics},
  volume={24},
  number={11},
  pages={1408--1409},
  year={2008},
  publisher={Oxford Univ Press}
}

@Book{ggplot2,
    author = {Hadley Wickham},
    title = {ggplot2: elegant graphics for data analysis},
    publisher = {Springer New York},
    year = {2009},
    isbn = {978-0-387-98140-6},
    url = {http://ggplot2.org/book/},
  }

@article{everhart2014finescale,
  title={Fine-scale genetic structure of {\textit{Monilinia fructicola}} during brown rot epidemics within individual peach tree canopies},
  author={Everhart, Sydney and Scherm, Harald},
  journal={Phytopathology},
  volume={105},
  number={4},
  pages={542--549},
  year={2015},
  doi = {10.1094/PHYTO-03-14-0088-R}
}

@article{goss2014irish,
author = {Goss, Erica M. and Tabima, Javier F. and Cooke, David E. L. and Restrepo, Silvia and Fry, William E. and Forbes, Gregory A. and Fieland, Valerie J. and Cardenas, Martha and Grünwald, Niklaus J.}, 
title = {The Irish potato famine pathogen Phytophthora infestans originated in central Mexico rather than the Andes},
year = {2014}, 
doi = {10.1073/pnas.1401884111},
volume = {111},
pages={8791--8796},
number={24},
URL = {http://www.pnas.org/content/early/2014/05/29/1401884111.abstract}, 
eprint = {http://www.pnas.org/content/early/2014/05/29/1401884111.full.pdf+html}, 
journal = {Proceedings of the National Academy of Sciences} 
}

@article{excoffier1992analysis,
  title={Analysis of molecular variance inferred from metric distances among DNA haplotypes: application to human mitochondrial DNA restriction data},
  author={Excoffier, L and Smouse, PE and Quattro, JM},
  journal={Genetics},
  volume={131},
  number={2},
  pages={479--491},
  url = {http://www.genetics.org/content/131/2/479.abstract},
  year={1992},
  publisher={Genetics Soc America}
}

@article{nei1972genetic,
  title={Genetic distance between populations},
  author={Nei, Masatoshi},
  journal={American naturalist},
  pages={283--292},
  year={1972},
  publisher={JSTOR}
}

@article{nei1978estimation,
  title={Estimation of average heterozygosity and genetic distance from a small number of individuals},
  author={Nei, Masatoshi},
  journal={Genetics},
  volume={89},
  number={3},
  pages={583--590},
  year={1978},
  publisher={Genetics Soc America}
}

@article{edwards1971distances,
  title={Distances between populations on the basis of gene frequencies},
  author={Edwards, AWF},
  journal={Biometrics},
  pages={873--881},
  year={1971},
  publisher={JSTOR}
}

@article{reynolds1983estimation,
  title={Estimation of the coancestry coefficient: basis for a short-term genetic distance},
  author={Reynolds, John and Weir, Bruce S and Cockerham, C Clark},
  journal={Genetics},
  volume={105},
  number={3},
  pages={767--779},
  year={1983},
  publisher={Genetics Soc America}
}

% Optional fields: editor, volume/number, series, type, chapter, pages, address, edition, month, note
@INCOLLECTION{rogers1972measures,
  author = {Rogers, J S},
  title = {Measures of genetic similarity and genetic distances},
  booktitle = {Studies in Genetics},
  publisher = {University of Texas Publishers},
  year = {1972},
  pages = {145--153},
  number = {7213}
}
@article{prevosti1975distances,
  title={Distances between populations of \textit{{Drosophila subobscura}}, based on chromosome arrangement frequencies},
  author={Prevosti, Antoni and Oca{\~n}a, Jy and Alonso, G},
  journal={Theoretical and Applied Genetics},
  volume={45},
  number={6},
  pages={231--241},
  year={1975},
  publisher={Springer}
}

@article {Agapow:2001,
author = {Agapow, Paul-Michael and Burt, Austin},
title = {Indices of multilocus linkage disequilibrium},
journal = {Molecular Ecology Notes},
volume = {1},
number = {1-2},
publisher = {Blackwell Science Ltd},
issn = {1471-8286},
url = {http://dx.doi.org/10.1046/j.1471-8278.2000.00014.x},
doi = {10.1046/j.1471-8278.2000.00014.x},
pages = {101--102},
keywords = {correlation coefficient, index of association, linkage disequilibrium, missing data, MultiLocus, randomization},
year = {2001},
}

@article{Smith:1993,
author = {Smith, J M and Smith, N H and O'Rourke, M and Spratt, B G}, 
title = {How clonal are bacteria?},
volume = {90}, 
number = {10}, 
pages = {4384-4388}, 
year = {1993}, 
doi = {10.1073/pnas.90.10.4384}, 
eprint = {http://www.pnas.org/content/90/10/4384.full.pdf+html}, 
journal = {Proceedings of the National Academy of Sciences} 
}

@article{Brown:1980,
author = {Brown,A.H.D. and Feldman,M.W. and Nevo,E.}, 
title = {MULTILOCUS STRUCTURE OF NATURAL POPULATIONS OF \textit{{Hordeum spontaneum}}},
volume = {96}, 
number = {2},
pages = {523--536}, 
year = {1980}, 
URL = {http://www.genetics.org/content/96/2/523.abstract}, 
eprint = {http://www.genetics.org/content/96/2/523.full.pdf+html}, 
journal = {Genetics} 
}


@article{Jombart:2008,
author = {Jombart, Thibaut}, 
title = {adegenet: a {R} package for the multivariate analysis of genetic markers},
volume = {24}, 
number = {11}, 
pages = {1403-1405}, 
year = {2008}, 
doi = {10.1093/bioinformatics/btn129}, 
URL = {http://bioinformatics.oxfordjournals.org/content/24/11/1403.abstract}, 
eprint = {http://bioinformatics.oxfordjournals.org/content/24/11/1403.full.pdf+html}, 
journal = {Bioinformatics} 
}

@article{Jombart:2011,
author = {Jombart, Thibaut and Ahmed, Ismaïl}, 
title = {adegenet 1.3-1: new tools for the analysis of genome-wide {SNP} data},
volume = {27}, 
number = {21}, 
pages = {3070-3071}, 
year = {2011}, 
doi = {10.1093/bioinformatics/btr521}, 
URL = {http://bioinformatics.oxfordjournals.org/content/27/21/3070.abstract}, 
eprint = {http://bioinformatics.oxfordjournals.org/content/27/21/3070.full.pdf+html}, 
journal = {Bioinformatics} 
}

@article{Grunwald:2006,
title={Hierarchical Analysis of Diversity, Selfing, and Genetic Differentiation in Populations of the Oomycete \textit{{Aphanomyces euteiches}}.},
author={Grünwald, N. J. and Hoheisel, G.},
journal={Phytopathology},
volume={96},
number={10},
pages={1134-1141},
year={2006}
}
 
@Article{Grunwald:2003,
AUTHOR = {Grünwald, Niklaus J. and Goodwin, Stephen B. and Milgroom, Michael G. and Fry, William E.},
TITLE = {Analysis of genotypic diversity data for populations of microorganisms.},
JOURNAL = {Phytopathology},
VOLUME = {93},
YEAR = {2003},
NUMBER = {6},
PAGES = {738-46},
URL = {http://www.biomedsearch.com/nih/Analysis-genotypic-diversity-data-populations/18943061.html},
PubMedID = {18943061},
ISSN = {0031-949X},
}

@article{Heck:1975,
title = {Explicit Calculation of the Rarefaction Diversity Measurement and the Determination of Sufficient Sample Size},
author = {Heck, Kenneth L.Jr. and Belle, Gerald van and Simberloff, Daniel},
journal = {Ecology},
volume = {56},
number = {6},
pages = {pp. 1459-1461},
ISSN = {00129658},
language = {English},
year = {1975},
publisher = {Ecological Society of America},
copyright = {Copyright © 1975 Ecological Society of America},
}

@article{Hurlbert:1971, 
title={The nonconcept of species diversity: a critique and alternative parameters}, volume={52},
number={4}, 
journal={Ecology}, 
publisher={Eco Soc America}, 
author={Hurlbert, S H}, 
year={1971}, 
pages={577--586}
}

@article{Simpson:1949,
  author = {Simpson, E.H.},
  journal = {Nature},
  number = 4148,
  pages = 688,
  publisher = {Nature Publishing Group},
  title = {Measurement of diversity},
  volume = 163,
  year = 1949
}

@article{Shannon:1948,
  author = {Shannon, Claude Elwood},
  journal = {Bell Systems Technical Journal},
  pages = {379-423,623-656},
  title = {A mathematical theory of communication},
  volume = 27,
  year = 1948
}

@article {Bruvo:2004,
  author = {Bruvo, Ruzica and Michiels, Nicolaas K. and D’Souza, Thomas G. and Schulenburg, Hinrich},
  title = {A simple method for the calculation of microsatellite genotype distances irrespective of ploidy level},
  journal = {Molecular Ecology},
  volume = {13},
  number = {7},
  publisher = {Blackwell Science Ltd},
  issn = {1365-294X},
  url = {http://dx.doi.org/10.1111/j.1365-294X.2004.02209.x},
  doi = {10.1111/j.1365-294X.2004.02209.x},
  pages = {2101--2106},
  keywords = {microsatellites, parentage, polyploids, population, relatedness, Schmidtea},
  year = {2004},
}

@article{Stoddart:1988,
author = {Stoddart, J.A. and Taylor, J.F.}, 
title = {Genotypic diversity: estimation and prediction in samples.},
volume = {118}, 
number = {4}, 
pages = {705-11}, 
year = {1988}, 
URL = {http://www.genetics.org/content/118/4/705.abstract}, 
eprint = {http://www.genetics.org/content/118/4/705.full.pdf+html}, 
journal = {Genetics} 
}

@article{Nei:1978,
author = {Nei, Masatoshi}, 
title = {ESTIMATION OF AVERAGE HETEROZYGOSITY AND GENETIC DISTANCE FROM A SMALL NUMBER OF INDIVIDUALS},
volume = {89}, 
number = {3}, 
pages = {583-590}, 
year = {1978}, 
URL = {http://www.genetics.org/content/89/3/583.abstract}, 
eprint = {http://www.genetics.org/content/89/3/583.full.pdf+html}, 
journal = {Genetics} 
}

@article{Peakall:2006,
    author = {Peakall, R. and Smouse, P. E.},
    journal = {Molecular Ecology Notes},
    number = {1},
    pages = {288-295+},
    title = {{GenAlEx} 6: genetic analysis in Excel. Population genetic software for teaching and research},
    volume = {6},
    year = {2006}
}

@article{Peakall:2012,
author = {Peakall, Rod and Smouse, Peter E.}, 
title = {{GenAlEx} 6.5: genetic analysis in Excel. Population genetic software for teaching and research—an update},
volume = {28}, 
number = {19}, 
pages = {2537-2539}, 
year = {2012}, 
doi = {10.1093/bioinformatics/bts460}, 
URL = {http://bioinformatics.oxfordjournals.org/content/28/19/2537.abstract}, 
eprint = {http://bioinformatics.oxfordjournals.org/content/28/19/2537.full.pdf+html}, 
journal = {Bioinformatics} 
}

@Manual{vegan,
	title = {vegan: Community Ecology Package},
	author = {Jari Oksanen and F. Guillaume Blanchet and Roeland Kindt and Pierre Legendre and Peter R. Minchin and R. B. O'Hara and Gavin L. Simpson and Peter Solymos and M. Henry H. Stevens and Helene Wagner},
	year = {2012},
	note = {R package version 2.0-5},
	url = {https://CRAN.R-project.org/package=vegan},
}

@article{Haubold:2000,
author = {Haubold, Bernhard and Hudson, Richard R.}, 
title = {{LIAN} 3.0: detecting linkage disequilibrium in multilocus data},
volume = {16}, 
number = {9}, 
pages = {847-849}, 
year = {2000}, 
doi = {10.1093/bioinformatics/16.9.847}, 
URL = {http://bioinformatics.oxfordjournals.org/content/16/9/847.abstract}, 
eprint = {http://bioinformatics.oxfordjournals.org/content/16/9/847.full.pdf+html}, 
journal = {Bioinformatics} 
}

@book{Pielou:1975,
  title={Ecological diversity--John Wiley \& Sons},
  author={Pielou, EC},
  journal={New York},
  year={1975}
}

@book{Ludwig:1988,
  title={Statistical Ecology. A Primer on Methods and Computing},
  author={Ludwig, J.A. and Reynolds, J.F.},
  year={1988},
  publisher={New York USA: John Wiley and Sons}
}

@article{kamvar2015novel,
  title={{Novel R tools for analysis of genome-wide population genetic data with emphasis on clonality}},
  author={Kamvar, Zhian N and Brooks, Jonah C and Gr{\"u}nwald, Niklaus J},
  journal={Frontiers in Genetics},
  volume={6},
  pages={208},
  year={2015},
  doi={10.3389/fgene.2015.00208},
  url={http://dx.doi.org/10.3389/fgene.2015.00208}
}

@article{kamvar2015spatial,
  title={Spatial and temporal analysis of populations of the sudden oak death pathogen in Oregon forests},
  author={Kamvar, ZN and Larsen, MM and Kanaskie, AM and Hansen, EM and Gr{\"u}nwald, NJ},
  journal={Phytopathology},
  pages={PHYTO--12},
  year={2015},
  publisher={Am Phytopath Society}
}
